<record><leader>00000cas a22000007a 4500</leader><controlfield tag="001">10981463</controlfield><controlfield tag="008">840724d18691878wyudn ne      0    0eng d</controlfield><datafield ind1=" " ind2=" " tag="010"><subfield code="a">sn 84027232 </subfield></datafield><datafield ind1=" " ind2=" " tag="040"><subfield code="a">NPU</subfield><subfield code="b">eng</subfield><subfield code="c">NPU</subfield><subfield code="d">NPX</subfield><subfield code="d">DLC</subfield><subfield code="d">NJW</subfield><subfield code="d">NVO</subfield><subfield code="d">OCLCQ</subfield><subfield code="d">CUS</subfield><subfield code="d">OCLCF</subfield></datafield><datafield ind1="1" ind2=" " tag="029"><subfield code="a">AU@</subfield><subfield code="b">000020347828</subfield></datafield><datafield ind1=" " ind2=" " tag="042"><subfield code="a">msc</subfield></datafield><datafield ind1="0" ind2="0" tag="050"><subfield code="a">Newspaper 10307</subfield></datafield><datafield ind1="0" ind2="0" tag="245"><subfield code="a">Laramie daily sentinel.</subfield></datafield><datafield ind1="1" ind2="3" tag="246"><subfield code="a">Laramie sentinel</subfield></datafield><datafield ind1="1" ind2="3" tag="246"><subfield code="a">Daily sentinel</subfield><subfield code="f">July 20, 1878-</subfield></datafield><datafield ind1=" " ind2=" " tag="260"><subfield code="a">Laramie City [i.e. Laramie], Wyo. :</subfield><subfield code="b">Hayford &amp; Gates</subfield></datafield><datafield ind1=" " ind2=" " tag="300"><subfield code="a">volumes</subfield></datafield><datafield ind1=" " ind2=" " tag="310"><subfield code="a">Daily (except Sunday),</subfield><subfield code="b">May 8, 1877-</subfield></datafield><datafield ind1=" " ind2=" " tag="321"><subfield code="a">Daily (except Monday),</subfield><subfield code="b">&lt;May 2, 1876&gt;-May 7, 1877</subfield></datafield><datafield ind1=" " ind2=" " tag="336"><subfield code="a">text</subfield><subfield code="b">txt</subfield><subfield code="2">rdacontent</subfield></datafield><datafield ind1=" " ind2=" " tag="337"><subfield code="a">unmediated</subfield><subfield code="b">n</subfield><subfield code="2">rdamedia</subfield></datafield><datafield ind1=" " ind2=" " tag="338"><subfield code="a">volume</subfield><subfield code="b">nc</subfield><subfield code="2">rdacarrier</subfield></datafield><datafield ind1="1" ind2=" " tag="362"><subfield code="a">Began in May 1869.</subfield></datafield><datafield ind1="0" ind2=" " tag="362"><subfield code="a">-v. 10, no. 207 (Dec. 31, 1878).</subfield></datafield><datafield ind1=" " ind2=" " tag="580"><subfield code="a">Weekly ed.: Laramie weekly sentinel, 1875-1878.</subfield></datafield><datafield ind1=" " ind2=" " tag="588"><subfield code="a">Description based on: Vol. 2, no. 1 (May 2, 1870).</subfield></datafield><datafield ind1=" " ind2="0" tag="651"><subfield code="a">Laramie (Wyo.)</subfield><subfield code="v">Newspapers.</subfield></datafield><datafield ind1=" " ind2="0" tag="651"><subfield code="a">Albany County (Wyo.)</subfield><subfield code="v">Newspapers.</subfield></datafield><datafield ind1=" " ind2="4" tag="651"><subfield code="a">Laramie (Wyo.)</subfield><subfield code="v">Newspapers.</subfield></datafield><datafield ind1=" " ind2="4" tag="651"><subfield code="a">Albany County (Wyo.)</subfield><subfield code="v">Newspapers.</subfield></datafield><datafield ind1=" " ind2="7" tag="655"><subfield code="a">Newspapers.</subfield><subfield code="2">fast</subfield><subfield code="0">(OCoLC)fst01423814</subfield></datafield><datafield ind1=" " ind2="7" tag="651"><subfield code="a">Wyoming</subfield><subfield code="z">Albany County.</subfield><subfield code="2">fast</subfield><subfield code="0">(OCoLC)fst01222019</subfield></datafield><datafield ind1=" " ind2="7" tag="651"><subfield code="a">Wyoming</subfield><subfield code="z">Laramie.</subfield><subfield code="2">fast</subfield><subfield code="0">(OCoLC)fst01208818</subfield></datafield><datafield ind1=" " ind2=" " tag="752"><subfield code="a">United States</subfield><subfield code="b">Wyoming</subfield><subfield code="c">Albany</subfield><subfield code="d">Laramie.</subfield></datafield><datafield ind1="1" ind2=" " tag="775"><subfield code="t">Laramie weekly sentinel (Laramie, Wyo. : 1875)</subfield><subfield code="w">(DLC)sn 84022155</subfield><subfield code="w">(OCoLC)10316878</subfield></datafield></record>